@article{Reference1,
	author={X. {Wang} and Y. {Han} and V. C. M. {Leung} and D. {Niyato} and X. {Yan} and X. {Chen}},
	journal={IEEE Communications Surveys Tutorials}, 
	title={Convergence of Edge Computing and Deep Learning: A Comprehensive Survey}, 
	year={2020},
	volume={22},
	number={2},
	pages={869-904},
	doi={10.1109/COMST.2020.2970550}}


@article{Reference2,
	author={Q. {Pham} and D. C. {Nguyen} and T. {Huynh-The} and W. {Hwang} and P. N. {Pathirana}},
	journal={IEEE Access}, 
	title={Artificial Intelligence (AI) and Big Data for Coronavirus (COVID-19) Pandemic: A Survey on the State-of-the-Arts}, 
	year={2020},
	volume={8},
	number={},
	pages={130820-130839},
	doi={10.1109/ACCESS.2020.3009328}}

@article{Reference3,
	author={Q. V. {Le}},
	booktitle={2013 IEEE International Conference on Acoustics, Speech and Signal Processing}, 
	title={Building high-level features using large scale unsupervised learning}, 
	year={2013},
	volume={},
	number={},
	pages={8595-8598},
	doi={10.1109/ICASSP.2013.6639343}}

@article{Reference4,
	author={N. {Ruedeeniraman} and M. {Ikeda} and L. {Barolli}},
	journal={Proc. of the IMIS-2019}, 
	title={Tensorflow: A Vegetable Classification System and Its Performance Evaluation}, 
	year={July 2019},
	volume={},
	number={},
	pages={},
	doi={},
    keywords = {pub}}
	
@article{Reference5,
	author={N. {Ruedeeniraman} and M. {Ikeda} and L. {Barolli}},
	journal={Proc. of the NBiS-2019}, 
	title={Performance evaluation of VegeCare tool for tomato disease classification}, 
	year={Sep 2019},
	volume={},
	number={},
	pages={},
	doi={},
	keywords = {pub}}

@article{Reference6,
	author={N. {Ruedeeniraman} and M. {Ikeda} and L. {Barolli}},
	journal={Proc. of the NBiS-2020}, 
	title={Performance evaluation of VegeCare tool for potato disease classification}, 
	year={Aug 2020},
	volume={},
	number={},
	pages={},
	doi={},
	keywords = {pub}}

@article{Reference7,
	author={N. {Ruedeeniraman} and M. {Ikeda} and L. {Barolli}},
	journal={Proc. of the 3PGCIC-2020}, 
	title={An Intelligent VegeCare Tool for Corn Disease Classification
	}, 
	year={Oct 2020},
	volume={},
	number={},
	pages={},
	doi={},
	keywords = {pub}}

@article{Reference8,
	author={N. {Ruedeeniraman} and M. {Ikeda} and L. {Barolli}},
	journal={Proc. of the EIDWT-2020}, 
	title={Performance evaluation of vegecare tool for insect pest classification with different life cycles}, 
	year={Feb 2020},
	volume={},
	number={},
	pages={},
	doi={},
	keywords = {pub}}

@article{Reference9,
	author={T. {Oda} and M. {Ikeda} and L. {Barolli}},
	journal={Proc. of the EIDWT-2020}, 
	title={A vegetable category recognition system: A comparison study for caffe and chainer DNN frameworks. Soft Computing}, 
	year={May 2019},
	volume={},
	number={},
	pages={3129–3136},
	doi={}}

@article{Reference10,
	author={C. {Xie} and J. {Zhang} and R. {Li} and J. {Li} and P. {Hong} and J. {Xia} and P. {Chen} },
	journal={Electron. Agric.}, 
	title={Automatic classification for field crop insects
	via multiple-task sparse representation and multiple-kernel learning.}, 
	year={2015},
	volume={},
	number={119},
	pages={123–132},
	doi={}}

@article{Reference11,
	author={{Hughes} D.P.and {Salath’e} M.},
	journal={Computing Research Repository (CoRR)}, 
	title={An open access repository of images on plant health to enable
	the development of mobile disease diagnostics through machine learning and crowdsourcing.}, 
	year={2015},
	volume={},
	number={},
	pages={},
	doi={}}

@article{Reference12,
	author={J. A. {dos Santos} and F. A. {Faria} and R. d. S. {Torres} and A. {Rocha} and P. {Gosselin} and S. {Philipp-Foliguet} and A. {Falcão}},
	booktitle={Proceedings of the 21st International Conference on Pattern Recognition (ICPR2012)}, 
	title={Descriptor correlation analysis for remote sensing image multi-scale classification}, 
	year={2012},
	volume={},
	number={},
	pages={3078-3081},
	doi={}}

@article{Reference13,
	author={J. {Francis} and  {Anto Sahaya Dhas D} and  {Anoop B K}},
	booktitle={2016 Conference on Emerging Devices and Smart Systems (ICEDSS)}, 
	title={Identification of leaf diseases in pepper plants using soft computing techniques}, 
	year={2016},
	volume={},
	number={},
	pages={168-173},
	doi={10.1109/ICEDSS.2016.7587787}}

@article{Reference14,
	author={{Hughes} D.P.and {Salath’e} M.},
	journal={Computing Research Repository (CoRR)}, 
	title={An open access repository of images on plant health to enable
	the development of mobile disease diagnostics through machine learning and crowdsourcing.}, 
	year={2015},
	volume={},
	number={},
	pages={},
	doi={}}

@ARTICLE{Reference15,
	author={R. {Xin} and J. {Zhang} and Y. {Shao}},
	journal={Tsinghua Science and Technology}, 
	title={Complex network classification with convolutional neural network}, 
	year={2020},
	volume={25},
	number={4},
	pages={447-457},
	doi={10.26599/TST.2019.9010055}}


