% This file was created with JabRef 2.10.
% Encoding: UTF8

%%%%%%% introduction %%%%%%%%
@article{slater2016enhancing,
  author  = {Slater, Mel and Sanchez-Vives, Maria},
  year    = {2016},
  month   = {12},
  pages   = {},
  title   = {Enhancing Our Lives with Immersive Virtual Reality},
  volume  = {3},
  journal = {Frontiers in Robotics and AI},
  doi     = {10.3389/frobt.2016.00074}
}

@book{biocca2013communication,
  editor    = {Biocca, Frank and Levy, Mark R.},
  title     = {Communication in the age of virtual reality},
  year      = {1995},
  isbn      = {0805815503},
  publisher = {L. Erlbaum Associates Inc.},
  address   = {USA}
}

@article{culbertson2018haptics,
  author  = {Culbertson, Heather and Schorr, Samuel and Okamura, Allison},
  year    = {2018},
  month   = {05},
  pages   = {},
  title   = {Haptics: The Present and Future of Artificial Touch Sensation},
  volume  = {1},
  journal = {Annual Review of Control, Robotics, and Autonomous Systems},
  doi     = {10.1146/annurev-control-060117-105043}
}

@article{pacchierotti2017wearable,
  author   = {Pacchierotti, Claudio and Sinclair, Stephen and Solazzi, Massimiliano and Frisoli, Antonio and Hayward, Vincent and Prattichizzo, Domenico},
  journal  = {IEEE Transactions on Haptics},
  title    = {Wearable Haptic Systems for the Fingertip and the Hand: Taxonomy, Review, and Perspectives},
  year     = {2017},
  volume   = {10},
  number   = {4},
  pages    = {580-600},
  keywords = {Haptic interfaces;Robots;Exoskeletons;Wearable computing;Vibrations;Force feedback;Taxonomy;Haptic interfaces;Wearable haptics;fingertip haptics;hand exoskeletons;wearable devices;wearable interfaces;cutaneous force feedback;tactile force feedback;taxonomy;review},
  doi      = {10.1109/TOH.2017.2689006}
}

@article{bensmaia2003vibrations,
  author  = {Bensmaia, Sliman and Hollins, Mark},
  year    = {2003},
  month   = {01},
  pages   = {33-43},
  title   = {The vibrations of texture},
  volume  = {20},
  journal = {Somatosensory \& motor research},
  doi     = {10.1080/0899022031000083825}
}

%%%%%%%% related work %%%%%%%%
@article{bach2023enhanced,
  author  = {Bach, Patrick and Kweon, Sang Hyo and Hida, H. and Kanno, Isaku},
  year    = {2023},
  month   = {06},
  pages   = {1-8},
  title   = {Improvement of a haptic feedback using Pb(Zr,Ti)O3 thin films on German silver foils},
  volume  = {29},
  journal = {Microsystem Technologies},
  doi     = {10.1007/s00542-023-05486-x}
}

@article{otake2022vibrotactile,
  author     = {Otake, Kazuya and Okamoto, Shogo and Akiyama, Yasuhiro and Yamada, Yoji},
  title      = {Tactile Texture Display Combining Vibrotactile and Electrostatic-friction Stimuli: Substantial Effects on Realism and Moderate Effects on Behavioral Responses},
  year       = {2022},
  issue_date = {October 2022},
  publisher  = {Association for Computing Machinery},
  address    = {New York, NY, USA},
  volume     = {19},
  number     = {4},
  issn       = {1544-3558},
  url        = {https://doi.org/10.1145/3539733},
  doi        = {10.1145/3539733},
  journal    = {ACM Trans. Appl. Percept.},
  month      = {12},
  articleno  = {18},
  numpages   = {18},
  keywords   = {electrostatic-friction stimuli, vibrotactile stimuli, Tactile texture display}
}

@article{zhang2025texsensegan,
  author   = {Zhang, Mingxin and Terui, Shun and Makino, Yasutoshi and Shinoda, Hiroyuki},
  journal  = {IEEE Transactions on Haptics},
  title    = {TexSenseGAN: A User-Guided System for Optimizing Texture-Related Vibrotactile Feedback Using Generative Adversarial Network},
  year     = {2025},
  volume   = {},
  number   = {},
  pages    = {1-15},
  keywords = {Vibrations;Optimization;Generative adversarial networks;Vectors;Generators;Deep learning;Training;Human in the loop;Haptic interfaces;Aerospace electronics;Haptic display;Human-computer interaction;Optimization;Deep learning;Autoencoder;Generative adversarial networks},
  doi      = {10.1109/TOH.2025.3542424}
}

@inproceedings{strohmeier2017generating,
  author    = {Strohmeier, Paul and Hornb\ae{}k, Kasper},
  title     = {Generating Haptic Textures with a Vibrotactile Actuator},
  year      = {2017},
  isbn      = {9781450346559},
  publisher = {Association for Computing Machinery},
  address   = {New York, NY, USA},
  url       = {https://doi.org/10.1145/3025453.3025812},
  doi       = {10.1145/3025453.3025812},
  booktitle = {Proceedings of the 2017 CHI Conference on Human Factors in Computing Systems},
  pages     = {4994–5005},
  numpages  = {12},
  keywords  = {texture perception, magnitude estimation, haptic feedback},
  location  = {Denver, Colorado, USA},
  series    = {CHI '17}
}

@inproceedings{roth2017alpha,
  author    = {Roth, Daniel and Lugrin, Jean-Luc and Latoschik, Marc Erich and Huber, Stephan},
  title     = {Alpha IVBO - Construction of a Scale to Measure the Illusion of Virtual Body Ownership},
  year      = {2017},
  isbn      = {9781450346566},
  publisher = {Association for Computing Machinery},
  address   = {New York, NY, USA},
  url       = {https://doi.org/10.1145/3027063.3053272},
  doi       = {10.1145/3027063.3053272},
  booktitle = {Proceedings of the 2017 CHI Conference Extended Abstracts on Human Factors in Computing Systems},
  pages     = {2875–2883},
  numpages  = {9},
  keywords  = {avatars, embodiment, virtual body ownership},
  location  = {Denver, Colorado, USA},
  series    = {CHI EA '17}
}

@article{schneider2017haptic,
  author  = {Schneider, Oliver and Maclean, Karon and Swindells, Colin and Booth, Kellogg},
  year    = {2017},
  month   = {05},
  pages   = {},
  title   = {Haptic Experience Design: What Hapticians Do and Where They Need Help},
  volume  = {107},
  journal = {International Journal of Human-Computer Studies},
  doi     = {10.1016/j.ijhcs.2017.04.004}
}

@article{witmer1998measuring,
  author   = {Witmer, Bob G. and Singer, Michael J.},
  journal  = {Presence},
  title    = {Measuring Presence in Virtual Environments: A Presence Questionnaire},
  year     = {1998},
  volume   = {7},
  number   = {3},
  pages    = {225-240},
  keywords = {},
  doi      = {10.1162/105474698565686}
}
